@inproceedings{leansat,
  title={Definition and Requirements of Small Satellites Seeking Low-Cost and Fast-Delivery},
  author={Mengu Cho and Filippo Graziani},
  booktitle={{IAA Study Group Report - SG 4.18}},
  month={{February}},
  year={2017}
}

@article{reliability,
  title={Reliability of CubeSats-Statistical Data, Developers' Beliefs and the Way Forward},
  author={Langer, Martin and Bouwmeester, Jasper},
  year={2016}
}

@inproceedings{equations,
  title={A 9 kW high-performance solar array simulator},
  author={Lunscher, W and Britton, S and Tanju, M},
  booktitle={Proceedings of the European Space Power Conference (ESPC)},
  pages={23--27},
  year={1993}
}
